@book{Joshua2012,
  author = "Joshua Schimel",
  title = "{Writing Science}",
  publisher = "Oxford University Press",
  year = "2012",
}
